%%%% POWHEG %%%%
@article{Nason:2004rx,
      author         = "Nason, Paolo",
      title          = "{A New method for combining NLO QCD with shower Monte
                        Carlo algorithms}",
      journal        = "JHEP",
      volume         = "0411",
      pages          = "040",
      doi            = "10.1088/1126-6708/2004/11/040",
      year           = "2004",
      eprint         = "hep-ph/0409146",
      archivePrefix  = "arXiv",
      primaryClass   = "hep-ph",
}

@article{Frixione:2007vw,
      author         = "Frixione, Stefano and Nason, Paolo and Oleari, Carlo",
      title          = "{Matching NLO QCD computations with Parton Shower
                        simulations: the {\tt POWHEG} method}",
      journal        = "JHEP",
      volume         = "0711",
      pages          = "070",
      doi            = "10.1088/1126-6708/2007/11/070",
      year           = "2007",
      eprint         = "0709.2092",
      archivePrefix  = "arXiv",
      primaryClass   = "hep-ph",
}

@article{Alioli:2010xd,
      author         = "Alioli, Simone and Nason, Paolo and Oleari, Carlo and Re,
                        Emanuele",
      title          = "{A general framework for implementing NLO calculations in
                        shower Monte Carlo programs: the {\tt POWHEG BOX}}",
      journal        = "JHEP",
      volume         = "1006",
      pages          = "043",
      doi            = "10.1007/JHEP06(2010)043",
      year           = "2010",
      eprint         = "1002.2581",
      archivePrefix  = "arXiv",
      primaryClass   = "hep-ph",
}

@article{Alioli:2008gx,
      author         = "Alioli, Simone and Nason, Paolo and Oleari, Carlo and Re,
                        Emanuele",
      title          = "{NLO vector-boson production matched with shower in
                        {\tt POWHEG}}",
      journal        = "JHEP",
      volume         = "0807",
      pages          = "060",
      doi            = "10.1088/1126-6708/2008/07/060",
      year           = "2008",
      eprint         = "0805.4802",
      archivePrefix  = "arXiv",
      primaryClass   = "hep-ph",
}

%%%% OTHER GENERATORS %%%%
@article{Boos:2001cv,
      author         = "Boos, Edward and Dobbs, Matt and Giele, Walter and Hinchliffe, Ian
                        and Huston, Joey and Ilyin, Viacheslav and Kanzaki, Junichi
						and Kurihara, Yukio and Lonnblad, Leif and Mangano, Michelangelo L
						and Mrenna, Stephen and Paige, Frank and Richter-Was, Elzbieta
						and Seymour, Michael H. and Sjostrand, Torbjorn and Webber, Bryan R
						and Zeppenfeld, Dieter",
      title          = "{Generic user process interface for event generators}",
      year           = "2001",
      eprint         = "hep-ph/0109068",
      archivePrefix  = "arXiv",
      primaryClass   = "hep-ph",
}

@article{Altarelli:1979ub,
      author         = "Altarelli, Guido and Ellis, R.Keith and Martinelli, Guido",
      title          = "{Large Perturbative Corrections to the Drell-Yan Process
                        in QCD}",
      journal        = "Nucl.Phys.",
      volume         = "B157",
      pages          = "461",
      doi            = "10.1016/0550-3213(79)90116-0",
      year           = "1979",
}

@article{Dittmaier:2001ay,
      author         = "Dittmaier, Stefan and Kramer, Michael",
      title          = "{Electroweak radiative corrections to $W$ boson production
                        at hadron colliders}",
      journal        = "Phys.Rev.",
      volume         = "D65",
      pages          = "073007",
      doi            = "10.1103/PhysRevD.65.073007",
      year           = "2002",
      eprint         = "hep-ph/0109062",
      archivePrefix  = "arXiv",
      primaryClass   = "hep-ph",
}

@article{Zykunov:2006yb,
      author         = "Zykunov, Vladimir A.",
      title          = "{Radiative corrections to the Drell-Yan process at large
                        dilepton invariant masses}",
      journal        = "Phys.Atom.Nucl.",
      volume         = "69",
      pages          = "1522",
      doi            = "10.1134/S1063778806090109, 10.1134/S1063778806090109",
      year           = "2006",
}

@article{Baur:2004ig,
      author         = "Baur, Uli and Wackeroth, Doreen",
      title          = "{Electroweak radiative corrections to $p \bar{p} \to
                        W^\pm \to \ell^\pm \nu$ beyond the pole approximation}",
      journal        = "Phys.Rev.",
      volume         = "D70",
      pages          = "073015",
      doi            = "10.1103/PhysRevD.70.073015",
      year           = "2004",
      eprint         = "hep-ph/0405191",
      archivePrefix  = "arXiv",
      primaryClass   = "hep-ph",
}

@article{Arbuzov:2005dd,
      author         = "Arbuzov, Andrej B. and Bardin, Dmitri Y. and Bondarenko, Sergey and
                        Christova, Pena and Kalinovskaya, Lidia and Nanava, Gizo 
						and Sadykov, Renat",
      title          = "{One-loop corrections to the Drell-Yan process in {\tt SANC}.
                        I. The Charged current case}",
      journal        = "Eur.Phys.J.",
      volume         = "C46",
      pages          = "407-412",
      doi            = "10.1140/epjc/s2006-02505-y,
                        10.1140/epjc/s10052-007-0225-7,
                        10.1140/epjc/s2006-02505-y,
                        10.1140/epjc/s10052-007-0225-7",
      year           = "2006",
      eprint         = "hep-ph/0506110",
      archivePrefix  = "arXiv",
      primaryClass   = "hep-ph",
}

@article{CarloniCalame:2006zq,
      author         = "Carloni Calame, Carlo M. and Montagna, Guido and Nicrosini, Oreste
                        and Vicini, Alessandro",
      title          = "{Precision electroweak calculation of the charged current
                        Drell-Yan process}",
      journal        = "JHEP",
      volume         = "0612",
      pages          = "016",
      doi            = "10.1088/1126-6708/2006/12/016",
      year           = "2006",
      eprint         = "hep-ph/0609170",
      archivePrefix  = "arXiv",
      primaryClass   = "hep-ph",
}

@article{Placzek:2003zg,
      author         = "Placzek, W. and Jadach, S.",
      title          = "{Multiphoton radiation in leptonic $W$ boson decays}",
      journal        = "Eur.Phys.J.",
      volume         = "C29",
      pages          = "325-339",
      doi            = "10.1140/epjc/s2003-01223-4",
      year           = "2003",
      eprint         = "hep-ph/0302065",
      archivePrefix  = "arXiv",
      primaryClass   = "hep-ph",
}

@article{Bardin:2008fn,
      author         = "Bardin, D. and Bondarenko, S. and Jadach, S. and
                        Kalinovskaya, L. and Placzek, W.",
      title          = "{Implementation of SANC EW corrections in {\tt WINHAC} Monte
                        Carlo generator}",
      journal        = "Acta Phys.Polon.",
      volume         = "B40",
      pages          = "75-92",
      year           = "2009",
      eprint         = "0806.3822",
      archivePrefix  = "arXiv",
      primaryClass   = "hep-ph",
}

@article{Martin:2004dh,
      author         = "Martin, A.D. and Roberts, R.G. and Stirling, W.J. and
                        Thorne, R.S.",
      title          = "{Parton distributions incorporating QED contributions}",
      journal        = "Eur.Phys.J.",
      volume         = "C39",
      pages          = "155-161",
      doi            = "10.1140/epjc/s2004-02088-7",
      year           = "2005",
      eprint         = "hep-ph/0411040",
      archivePrefix  = "arXiv",
      primaryClass   = "hep-ph",
      reportNumber   = "IPPP-04-62, DCPT-04-124, CAVENDISH-HEP-2004-28",
      SLACcitation   = "%%CITATION = HEP-PH/0411040;%%",
}

@article{CarloniCalame:2003ux,
      author         = "Carloni Calame, Carlo M. and Montagna, Guido and Nicrosini, Oreste
                        and Treccani, Michele",
      title          = "{Higher order QED corrections to $W$ boson mass
                        determination at hadron colliders}",
      journal        = "Phys.Rev.",
      volume         = "D69",
      pages          = "037301",
      doi            = "10.1103/PhysRevD.69.037301",
      year           = "2004",
      eprint         = "hep-ph/0303102",
      archivePrefix  = "arXiv",
      primaryClass   = "hep-ph",
}

@article{Catani:2009sm,
      author         = "Catani, Stefano and Cieri, Leandro and Ferrera, Giancarlo
                        and de Florian, Daniel and Grazzini, Massimiliano",
      title          = "{Vector boson production at hadron colliders: A Fully
                        exclusive QCD calculation at NNLO}",
      journal        = "Phys.Rev.Lett.",
      volume         = "103",
      pages          = "082001",
      doi            = "10.1103/PhysRevLett.103.082001",
      year           = "2009",
      eprint         = "0903.2120",
      archivePrefix  = "arXiv",
      primaryClass   = "hep-ph",
}

@article{Melnikov:2006kv,
      author         = "Melnikov, Kirill and Petriello, Frank",
      title          = "{Electroweak gauge boson production at hadron colliders
                        through $\mathcal{O}(\alpha_s^2)$}",
      journal        = "Phys.Rev.",
      volume         = "D74",
      pages          = "114017",
      doi            = "10.1103/PhysRevD.74.114017",
      year           = "2006",
      eprint         = "hep-ph/0609070",
      archivePrefix  = "arXiv",
      primaryClass   = "hep-ph",
}

@article{Gleisberg:2008ta,
      author         = "Gleisberg, T. and Hoeche, Stefan. and Krauss, F. and
                        Schonherr, M. and Schumann, S. and others",
      title          = "{Event generation with {\tt SHERPA 1.1}}",
      journal        = "JHEP",
      volume         = "0902",
      pages          = "007",
      doi            = "10.1088/1126-6708/2009/02/007",
      year           = "2009",
      eprint         = "0811.4622",
      archivePrefix  = "arXiv",
      primaryClass   = "hep-ph",
}

@article{Balossini:2009sa,
      author         = "Balossini, Giovanni and Montagna, Guido and Carloni
                        Calame, Carlo Michel and Moretti, Mauro and Nicrosini,
                        Oreste and Piccinini, Fulvio and Treccani, Michele 
						and	Vicini, Alessandro",
      title          = "{Combination of electroweak and QCD corrections to single
                        $W$ production at the Fermilab Tevatron and the CERN LHC}",
      journal        = "JHEP",
      volume         = "1001",
      pages          = "013",
      doi            = "10.1007/JHEP01(2010)013",
      year           = "2010",
      eprint         = "0907.0276",
      archivePrefix  = "arXiv",
      primaryClass   = "hep-ph",
}

@article{Frixione:2002ik,
      author         = "Frixione, Stefano and Webber, Bryan R.",
      title          = "{Matching NLO QCD computations and parton shower
                        simulations}",
      journal        = "JHEP",
      volume         = "0206",
      pages          = "029",
      year           = "2002",
      eprint         = "hep-ph/0204244",
      archivePrefix  = "arXiv",
      primaryClass   = "hep-ph",
}

@article{Balazs:1997xd,
      author         = "Balazs, Csaba and Yuan, Chien-Peng",
      title          = "{Soft gluon effects on lepton pairs at hadron colliders}",
      journal        = "Phys.Rev.",
      volume         = "D56",
      pages          = "5558-5583",
      doi            = "10.1103/PhysRevD.56.5558",
      year           = "1997",
      eprint         = "hep-ph/9704258",
      archivePrefix  = "arXiv",
      primaryClass   = "hep-ph",
}

@article{Corcella:2002jc,
      author         = "Corcella, Gennaro and Knowles, Ian G. and Marchesini, Giuseppe and
                        Moretti, Stefano and Odagiri, Kosuke and Richardson, Peter and 
						Seymour, Michael H. and Webber, Bryan R. 
						",
      title          = "{{\tt HERWIG} 6.5 release note}",
      year           = "2002",
      eprint         = "hep-ph/0210213",
      archivePrefix  = "arXiv",
      primaryClass   = "hep-ph",
}

@article{Sjostrand:2007gs,
      author         = "Sjostrand, Torbjorn and Mrenna, Stephen and Skands, Peter
                        Z.",
      title          = "{A Brief Introduction to {\tt PYTHIA 8.1}}",
      journal        = "Comput.Phys.Commun.",
      volume         = "178",
      pages          = "852-867",
      doi            = "10.1016/j.cpc.2008.01.036",
      year           = "2008",
      eprint         = "0710.3820",
      archivePrefix  = "arXiv",
      primaryClass   = "hep-ph",
}

@article{Alwall:2011uj,
      author         = "Alwall, Johan and Herquet, Michel and Maltoni, Fabio and
                        Mattelaer, Olivier and Stelzer, Tim",
      title          = "{{\tt MadGraph 5}: Going Beyond}",
      journal        = "JHEP",
      volume         = "1106",
      pages          = "128",
      doi            = "10.1007/JHEP06(2011)128",
      year           = "2011",
      eprint         = "1106.0522",
      archivePrefix  = "arXiv",
      primaryClass   = "hep-ph",
}

%%%% SCALAR FUNCTIONS %%%%
@article{Dittmaier:2003bc,
      author         = "Dittmaier, Stefan",
      title          = "{Separation of soft and collinear singularities from one
                        loop N point integrals}",
      journal        = "Nucl.Phys.",
      volume         = "B675",
      pages          = "447-466",
      doi            = "10.1016/j.nuclphysb.2003.10.003",
      year           = "2003",
      eprint         = "hep-ph/0308246",
      archivePrefix  = "arXiv",
      primaryClass   = "hep-ph",
}

@article{Denner:2010tr,
      author         = "Denner, Ansgar and Dittmaier, Stefan",
      title          = "{Scalar one-loop 4-point integrals}",
      journal        = "Nucl.Phys.",
      volume         = "B844",
      pages          = "199-242",
      doi            = "10.1016/j.nuclphysb.2010.11.002",
      year           = "2011",
      eprint         = "1005.2076",
      archivePrefix  = "arXiv",
      primaryClass   = "hep-ph",
}

@article{'tHooft:1978xw,
      author         = "'t Hooft, Gerard and Veltman, Martinus J.G.",
      title          = "{Scalar One Loop Integrals}",
      journal        = "Nucl.Phys.",
      volume         = "B153",
      pages          = "365-401",
      doi            = "10.1016/0550-3213(79)90605-9",
      year           = "1979",
}

@article{Giele:1993dj,
      author         = "Giele, Walter T. and Glover, E.W.Nigel and Kosower, David A.",
      title          = "{Higher order corrections to jet cross-sections in hadron
                        colliders}",
      journal        = "Nucl.Phys.",
      volume         = "B403",
      pages          = "633-670",
      doi            = "10.1016/0550-3213(93)90365-V",
      year           = "1993",
      eprint         = "hep-ph/9302225",
      archivePrefix  = "arXiv",
      primaryClass   = "hep-ph",
}

@article{Campbell:2002tg,
      author         = "Campbell, John M. and Ellis, R.Keith",
      title          = "{Next-to-leading order corrections to $W + 2$ jet and
                        $Z + 2$ jet production at hadron colliders}",
      journal        = "Phys.Rev.",
      volume         = "D65",
      pages          = "113007",
      doi            = "10.1103/PhysRevD.65.113007",
      year           = "2002",
      eprint         = "hep-ph/0202176",
      archivePrefix  = "arXiv",
      primaryClass   = "hep-ph",
}

@article{Golonka:2005pn,
      author         = "Golonka, Piotr and Was, Zbigniew",
      title          = "{{\tt PHOTOS} Monte Carlo: A Precision tool for QED corrections
                        in $Z$ and $W$ decays}",
      journal        = "Eur.Phys.J.",
      volume         = "C45",
      pages          = "97-107",
      doi            = "10.1140/epjc/s2005-02396-4",
      year           = "2006",
      eprint         = "hep-ph/0506026",
      archivePrefix  = "arXiv",
      primaryClass   = "hep-ph",
}

%%%% SUBTRACTION %%%%
@article{Catani:1996jh,
      author         = "Catani, Stefano and Seymour, Michael H.",
      title          = "{The Dipole formalism for the calculation of QCD jet
                        cross-sections at next-to-leading order}",
      journal        = "Phys.Lett.",
      volume         = "B378",
      pages          = "287-301",
      doi            = "10.1016/0370-2693(96)00425-X",
      year           = "1996",
      eprint         = "hep-ph/9602277",
      archivePrefix  = "arXiv",
      primaryClass   = "hep-ph",
}

@article{Catani:2002hc,
      author         = "Catani, Stefano and Dittmaier, Stefan and Seymour,
                        Michael H. and Trocsanyi, Zoltan",
      title          = "{The Dipole formalism for next-to-leading order QCD
                        calculations with massive partons}",
      journal        = "Nucl.Phys.",
      volume         = "B627",
      pages          = "189-265",
      doi            = "10.1016/S0550-3213(02)00098-6",
      year           = "2002",
      eprint         = "hep-ph/0201036",
      archivePrefix  = "arXiv",
      primaryClass   = "hep-ph",
}

@article{Frixione:1995ms,
      author         = "Frixione, Stefano and Kunszt, Zoltan and Signer, Adrian",
      title          = "{Three jet cross-sections to next-to-leading order}",
      journal        = "Nucl.Phys.",
      volume         = "B467",
      pages          = "399-442",
      doi            = "10.1016/0550-3213(96)00110-1",
      year           = "1996",
      eprint         = "hep-ph/9512328",
      archivePrefix  = "arXiv",
      primaryClass   = "hep-ph",
}

@article{Dittmaier:1999mb,
      author         = "Dittmaier, Stefan",
      title          = "{A General approach to photon radiation off fermions}",
      journal        = "Nucl.Phys.",
      volume         = "B565",
      pages          = "69-122",
      doi            = "10.1016/S0550-3213(99)00563-5",
      year           = "2000",
      eprint         = "hep-ph/9904440",
      archivePrefix  = "arXiv",
      primaryClass   = "hep-ph",
}

@Article{Hamberg:1990np,
     author    = "Hamberg, R. and van Neerven, W. L. and Matsuura, T.",
     title     = "{A Complete calculation of the order $\alpha_s^2$ correction
                  to the Drell-Yan K factor}",
     journal   = "Nucl. Phys.",
     volume    = "B359",
     year      = "1991",
     pages     = "343-405",
     doi       = "10.1016/0550-3213(91)90064-5",
     SLACcitation  = "%%CITATION = NUPHA,B359,343;%%"
}

@Article{Cao:2004yy,
     author    = "Cao, Qing-Hong and Yuan, C. P.",
     title     = "{Combined effect of QCD resummation and QED radiative
                  correction to $W$ boson observables at the Tevatron}",
     journal   = "Phys. Rev. Lett.",
     volume    = "93",
     year      = "2004",
     pages     = "042001",
     eprint    = "hep-ph/0401026",
     archivePrefix = "arXiv",
     doi       = "10.1103/PhysRevLett.93.042001",
     SLACcitation  = "%%CITATION = HEP-PH/0401026;%%"
}

@Article{Richardson:2010gz,
     author    = "Richardson, P. and Sadykov, R. R. and Sapronov, A. A. and
                  Seymour, M. H. and Skands, P. Z.",
     title     = "{QCD parton showers and NLO EW corrections to Drell-Yan}",
     year      = "2010",
     eprint    = "1011.5444",
     archivePrefix = "arXiv",
     primaryClass  =  "hep-ph",
     SLACcitation  = "%%CITATION = 1011.5444;%%"
}

@article{Bernaciak:2012hj,
      author         = "Bernaciak, C. and Wackeroth, D.",
      title          = "{Combining NLO QCD and Electroweak Radiative Corrections
                        to $W$-boson Production at Hadron Colliders in the {\tt
                        POWHEG} Framework}",
      year           = "2012",
      eprint         = "1201.4804",
      archivePrefix  = "arXiv",
      primaryClass   = "hep-ph",
      SLACcitation   = "%%CITATION = ARXIV:1201.4804;%%",
}

@article{Hahn:2000jm,
      author         = "Hahn, Thomas",
      title          = "{Automatic loop calculations with FeynArts, FormCalc, and
                        LoopTools}",
      journal        = "Nucl.Phys.Proc.Suppl.",
      volume         = "89",
      pages          = "231-236",
      doi            = "10.1016/S0920-5632(00)00848-3",
      year           = "2000",
      eprint         = "hep-ph/0005029",
      archivePrefix  = "arXiv",
      primaryClass   = "hep-ph",
      reportNumber   = "KA-TP-7-2000",
      SLACcitation   = "%%CITATION = HEP-PH/0005029;%%",
}

@article{Cullen:2011kv,
      author         = "Cullen, G. and Guillet, J.Ph. and Heinrich, G. and
                        Kleinschmidt, T. and Pilon, E. and others",
      title          = "{Golem95C: A library for one-loop integrals with complex
                        masses}",
      journal        = "Comput.Phys.Commun.",
      volume         = "182",
      pages          = "2276-2284",
      doi            = "10.1016/j.cpc.2011.05.015",
      year           = "2011",
      eprint         = "1101.5595",
      archivePrefix  = "arXiv",
      primaryClass   = "hep-ph",
      reportNumber   = "EDINBURGH-2011-02, IPPP-11-04, DCPT-11-08, MPP-2011-5,
                        NIKHEF-2011-002",
      SLACcitation   = "%%CITATION = ARXIV:1101.5595;%%",
}

@article{Binoth:2008uq,
      author         = "Binoth, T. and Guillet, J.-Ph. and Heinrich, G. and
                        Pilon, E. and Reiter, T.",
      title          = "{Golem95: A Numerical program to calculate one-loop
                        tensor integrals with up to six external legs}",
      journal        = "Comput.Phys.Commun.",
      volume         = "180",
      pages          = "2317-2330",
      doi            = "10.1016/j.cpc.2009.06.024",
      year           = "2009",
      eprint         = "0810.0992",
      archivePrefix  = "arXiv",
      primaryClass   = "hep-ph",
      reportNumber   = "EDINBURGH-2008-40, LAPTH-1277-08, IPPP-08-73,
                        DCPT-08-146, NIKHEF-2008-26",
      SLACcitation   = "%%CITATION = ARXIV:0810.0992;%%",
}

@article{Gavin:2012kw,
      author         = "Gavin, Ryan and Li, Ye and Petriello, Frank and
                        Quackenbush, Seth",
      title          = "{W physics at the LHC with FEWZ 2.1}",
      year           = "2012",
      eprint         = "1201.5896",
      archivePrefix  = "arXiv",
      primaryClass   = "hep-ph",
      reportNumber   = "ANL-HEP-PR-11-83, NUHEP-TH-12-01, PSI-PR-12-01",
      SLACcitation   = "%%CITATION = ARXIV:1201.5896;%%",
}

@article{Yost:2012mf,
      author         = "Yost, Scott and Halyo, Valerie and Hejna, Miroslav and
                        Ward, B.F.L.",
      title          = "{HERWIRI2: CEEX Electroweak Corrections in a Hadronic
                        MC}",
      year           = "2012",
      eprint         = "1201.5906",
      archivePrefix  = "arXiv",
      primaryClass   = "hep-ph",
      reportNumber   = "BU-HEPP-11-06",
      SLACcitation   = "%%CITATION = ARXIV:1201.5906;%%",
}

@article{Kilgore:2011pa,
      author         = "Kilgore, William B. and Sturm, Christian",
      title          = "{Two-Loop Virtual Corrections to Drell-Yan Production at
                        order $\alpha_s \alpha^3$}",
      year           = "2011",
      eprint         = "1107.4798",
      archivePrefix  = "arXiv",
      primaryClass   = "hep-ph",
      reportNumber   = "MPP-2011-90",
      SLACcitation   = "%%CITATION = ARXIV:1107.4798;%%",
}

@article{Anastasiou:2003yy,
      author         = "Anastasiou, Charalampos and Dixon, Lance J. and Melnikov,
                        Kirill and Petriello, Frank",
      title          = "{Dilepton rapidity distribution in the Drell-Yan process
                        at NNLO in QCD}",
      journal        = "Phys.Rev.Lett.",
      volume         = "91",
      pages          = "182002",
      doi            = "10.1103/PhysRevLett.91.182002",
      year           = "2003",
      eprint         = "hep-ph/0306192",
      archivePrefix  = "arXiv",
      primaryClass   = "hep-ph",
      reportNumber   = "SLAC-PUB-10000, UH-511-1029-03",
      SLACcitation   = "%%CITATION = HEP-PH/0306192;%%",
}

%%%% COMPLEX MASSES %%%%

@article{Denner:2005fg,
      author         = "Denner, Ansgar and Dittmaier, Stefan and Roth, Markus and
                        Wieders, L.H.",
      title          = "{Electroweak corrections to charged-current e$^+$ e$^-$ $\rightarrow$
                        4 fermion processes: Technical details and further
                        results}",
      journal        = "Nucl.Phys.",
      volume         = "B724",
      pages          = "247-294",
      doi            = "10.1016/j.nuclphysb.2005.06.033",
      year           = "2005",
      eprint         = "hep-ph/0505042",
      archivePrefix  = "arXiv",
      primaryClass   = "hep-ph",
}

@article{Denner:2006ic,
      author         = "Denner, Ansgar and Dittmaier, Stefan",
      title          = "{The Complex-mass scheme for perturbative calculations
                        with unstable particles}",
      journal        = "Nucl.Phys.Proc.Suppl.",
      volume         = "160",
      pages          = "22-26",
      doi            = "10.1016/j.nuclphysbps.2006.09.025",
      year           = "2006",
      eprint         = "hep-ph/0605312",
      archivePrefix  = "arXiv",
      primaryClass   = "hep-ph",
}